
@book{schaller_alkoholatlas_2022,
	location = {Lengerich},
	title = {Alkoholatlas Deutschland 2022},
	isbn = {978-3-95853-786-6},
	pagetotal = {166},
	publisher = {Pabst Science Publishers},
	author = {Schaller, Katrin and Kahnert, Sarah and Garcia-Verdugo, Rosa and Treede, Irina and Graen, Laura and Ouédraogo, Nobila},
	editora = {Deutsches Krebsforschungszentrum},
	editoratype = {collaborator},
	date = {2022},
	langid = {german},
	file = {Schaller et al. - 2022 - Alkoholatlas Deutschland 2022.pdf:/home/bergschaf/Zotero/storage/F3TVYU52/Schaller et al. - 2022 - Alkoholatlas Deutschland 2022.pdf:application/pdf},
}

@online{noauthor_zotero_nodate,
	title = {Zotero {\textbar} Downloads},
	url = {https://www.zotero.org/download/},
	urldate = {2024-01-08},
	file = {Zotero | Downloads:/home/bergschaf/Zotero/storage/MEJGBB75/download.html:text/html},
}

@thesis{atzendorf_riskantes_2020,
	title = {Riskantes Gesundheitsverhalten in der allgemeinen Erwachsenenbevölkerung in Deutschland},
	rights = {lic\_with\_pod},
	url = {https://epub.uni-regensburg.de/43518/},
	abstract = {Multiple riskante Gesundheitsverhaltensweisen, wie z.B. Rauchen, Alkoholkonsum, eine ungesunde Ernährung und geringe körperliche Aktivität, können negative Auswirkungen auf den Gesundheitszustand und Mortalität potenzieren. Aus diesem Grund ist es wichtig, multiple riskante Gesundheitsverhaltensweisen anstelle von singulären Gesundheitsverhaltensweisen zu untersuchen. Ziel der Studie war es, Muster riskanter Gesundheitsverhaltensweisen innerhalb der erwachsenen Allgemeinbevölkerung in Deutschland aufzudecken und Zusammenhänge zwischen den extrahierten Risikogruppen und Einflussfaktoren sowie regionale Unterschiede zwischen den extrahieren Risikogruppen zu untersuchen. 

Als Datenbasis diente die bevölkerungsrepräsentative Epidemiologische Suchtsurvey 2015 ({ESA} 2015). Die Gesamtstichprobe umfasste n = 9204 Personen (Männer: n = 5090, Frauen: n = 4114). Anhand eines explorativen Vorgehens wurden Muster verschiedener multipler riskanter Gesundheitsverhaltensweisen in Bezug auf täglichen Tabak- und riskanten Alkoholkonsum, ungesunde Ernährung, geringe körperliche Aktivität, sowie bezüglich des Konsums von Cannabis und anderen illegalen Drogen und hinsichtlich des wöchentlichen Gebrauchs von nicht-verschriebenen Analgetika, Hypnotika und Sedativa aufgedeckt. Zu diesem Zweck wurden in der Gesamtstichprobe und in den Stichproben der Männer und Frauen latente Klassenanalysen durchgeführt. In einem zweiten Schritt wurde mittels multinomialen logistischen Regressionen in allen drei Stichproben analysiert, welche Prädiktoren (soziodemografische Faktoren, psychische Beschwerden, physischer Gesundheitszustand, subjektive Einschätzung des Gesundheitszustandes) mit den extrahierten Risikogruppen assoziiert waren und inwiefern sich Unterschiede zwischen Ost- und Westdeutschland zeigten.

In der Stichprobe der Männer wurden vier Klassen multipler riskanter Gesundheitsverhaltensweisen extrahiert, die durch einen gesunden Lebensstil mit einer ungünstigen Ernährung (68,6 \%), gesunden Lebensstil mit günstigem Ernährungsverhalten (16,6 \%), riskanten Alkoholkonsum (13,1 \%) und einen Lebensstil mit kumulierten Risikofaktoren (1,6 \%) charakterisiert waren. In der Stichprobe der Frauen wurden drei Klassen mit riskanten Gesundheitsverhaltensweisen extrahiert, die durch einen gesunden Lebensstil (79,5 \%), täglichen Tabakkonsum (13,4 \%) und einen riskanten Alkoholkonsum (8,0 \%) gekennzeichnet waren. Die extrahierten Risikogruppen korrelierten mit Geschlecht, Alter, Staatsbürgerschaft, Familienstand, Bildung, psychischen Problemen und dem subjektiv eingeschätzten Gesundheitszustand. Des Weiteren zeigten sich insbesondere im Rahmen der geschlechtsspezifischen Betrachtungen regionale Unterschiede zwischen Ost- und Westdeutschland. Die Forschung zu multiplen riskanten Gesundheitsverhaltensweisen kann langfristig dazu beitragen das Morbiditäts- und Mortalitätsrisiko in der deutschen Bevölkerung zu senken und volkswirtschaftliche Kosten zu reduzieren.},
	type = {phdthesis},
	author = {Atzendorf, Josefine},
	urldate = {2024-02-13},
	date = {2020-08-04},
	langid = {german},
	doi = {10.5283/epub.43518},
	file = {Full Text PDF:/home/bergschaf/Zotero/storage/VGJVXMIB/Atzendorf - 2020 - Riskantes Gesundheitsverhalten in der allgemeinen .pdf:application/pdf;Snapshot:/home/bergschaf/Zotero/storage/CF37GCDM/43518.html:text/html},
}

@article{atzendorf_smoking_2020,
	title = {Do smoking, nutrition, alcohol use, and physical activity vary between regions in Germany? - results of a cross-sectional study},
	volume = {20},
	rights = {2020 The Author(s).},
	issn = {1471-2458},
	url = {https://bmcpublichealth.biomedcentral.com/articles/10.1186/s12889-020-8352-2},
	doi = {10.1186/s12889-020-8352-2},
	shorttitle = {Do smoking, nutrition, alcohol use, and physical activity vary between regions in Germany?},
	abstract = {Previous studies on lifestyle risk factors mainly focused on age- or gender-specific differences. However, lifestyle risk factors also vary across regions. Aim of the present study was to examine the extent to which prevalence rates of {SNAP} (smoking, nutrition, alcohol consumption, physical activity) vary between East and West Germany or North and South Germany. Data came from the population-representative 2015 Epidemiological Survey of Substance Abuse ({ESA}) comprising 9204 subjects aged 18 to 64 years. To assess an east-west or south-north gradient, two binary logistic regression models were carried out for each {SNAP} factor. The logistic regression models revealed statistically significant differences with higher rates of at-risk alcohol consumption and lower rates of unhealthy nutrition in East Germany compared to West Germany. Significant differences between North and South Germany were found for at-risk alcohol consumption with higher rates of at-risk alcohol consumption in South Germany. Daily smoking and low physical activity were equally distributed across regions. The implementation of measures reducing at-risk alcohol consumption in Germany should take the identified east-west and south-north gradient into account. Since the prevalence of unhealthy nutrition was generally high, prevention and intervention measures should focus on Germany as a whole instead of specific regions.},
	pages = {1--8},
	number = {1},
	journaltitle = {{BMC} Public Health},
	shortjournal = {{BMC} Public Health},
	author = {Atzendorf, Josefine and Apfelbacher, Christian and de Matos, Elena Gomes and Lochbühler, Kirsten and Piontek, Daniela and Seitz, Nicki-Nils and Kraus, Ludwig},
	urldate = {2024-02-13},
	date = {2020-12},
	langid = {english},
	note = {Number: 1
Publisher: {BioMed} Central},
	file = {Full Text PDF:/home/bergschaf/Zotero/storage/NNCSZEJY/Atzendorf et al. - 2020 - Do smoking, nutrition, alcohol use, and physical a.pdf:application/pdf},
}

@online{noauthor_jugendliche_nodate,
	title = {Jugendliche aus Baden-Württemberg deutlich seltener wegen Alkohol im Krankenhaus - Statistisches Landesamt Baden-Württemberg},
	url = {https://www.statistik-bw.de/Presse/Pressemitteilungen/2022046},
	urldate = {2024-02-13},
	file = {Jugendliche aus Baden-Württemberg deutlich seltener wegen Alkohol im Krankenhaus - Statistisches Landesamt Baden-Württemberg:/home/bergschaf/Zotero/storage/C8SFZ3XY/2022046.html:text/html},
}

@article{mitevski_alkoholkonsum_nodate,
	title = {Alkoholkonsum. Ein Vergleich zwischen der griechisch-römischen Antike und dem deutschsprachigen Raum im 19. und frühen 20. Jahrhundert},
	author = {Mitevski, Sasa},
	langid = {german},
	file = {Mitevski - Alkoholkonsum. Ein Vergleich zwischen der griechis.pdf:/home/bergschaf/Zotero/storage/VHWAI59A/Mitevski - Alkoholkonsum. Ein Vergleich zwischen der griechis.pdf:application/pdf},
}

@thesis{mitevski_alkoholkonsum_2012,
	location = {Wien},
	title = {Alkoholkonsum: ein Vergleich zwischen der griechisch-römischen Antike und dem deutschsprachigen Raum im 19. und frühen 20. Jahrhundert},
	url = {https://utheses.univie.ac.at/detail/17030},
	shorttitle = {Alkoholkonsum},
	type = {phdthesis},
	author = {Mitevski, Sasa},
	urldate = {2024-02-13},
	date = {2012},
	note = {Book Title: Alkoholkonsum : ein Vergleich zwischen der griechisch-römischen Antike und dem deutschsprachigen Raum im 19. und frühen 20. Jahrhundert},
	keywords = {Alkoholkonsum, Antike, Deutsches Sprachgebiet, Geschichte 1800-1938, Kultur},
}

@article{heinz_alkohol_2021,
	title = {Alkohol als Kulturgut – eine historisch-anthropologische und therapeutische Perspektive auf Alkoholkonsum und seine soziale Rolle in westlichen Gesellschaften},
	volume = {64},
	issn = {1437-1588},
	url = {https://doi.org/10.1007/s00103-021-03327-8},
	doi = {10.1007/s00103-021-03327-8},
	abstract = {Alkohol ist die dominante Droge in westlichen Gesellschaften mit einer Geschichte, die sich vom Mittelalter über die Kolonialzeit bis in die Gegenwart zieht. Die historische Variabilität seines Konsums hat schon immer das Verständnis alkoholbezogener Probleme beeinflusst. Bis heute sind der öffentliche Diskurs über Suchterkrankungen und die Gestaltung des Versorgungssystems von Versatzstücken überholter Theorien geprägt, was zur Stigmatisierung und Diskriminierung betroffener Personen beitragen kann. Neben einem Überblick über die historische Entwicklung des Alkoholkonsums wird die soziokulturelle Diversität im Umgang und in der Einschätzung des Alkoholgebrauchs in westlichen Gesellschaften beleuchtet und ihre Relevanz für klinische Interventionen bewertet. Die Gründung einer bundesweiten Taskforce zur Gestaltung des Versorgungssystems wird empfohlen, um Kurzinterventionen und weitere wirksame Verfahren in der klinischen Praxis zu implementieren.},
	pages = {646--651},
	number = {6},
	journaltitle = {Bundesgesundheitsblatt - Gesundheitsforschung - Gesundheitsschutz},
	shortjournal = {Bundesgesundheitsbl},
	author = {Heinz, Andreas and Daedelow, Laura S.},
	urldate = {2024-02-13},
	date = {2021-06-01},
	langid = {german},
	keywords = {Addiction, Alcohol dependence, Alkoholabhängigkeit, Disease concept, Droge, Drug, Krankheitskonzept, Prohibition, Sucht},
	file = {Full Text PDF:/home/bergschaf/Zotero/storage/E7KLGRHM/Heinz and Daedelow - 2021 - Alkohol als Kulturgut – eine historisch-anthropolo.pdf:application/pdf},
}

@article{kraus_altersspezifische_2021,
	title = {Altersspezifische Trends des risikoreichen Alkoholkonsums in Deutschland: Parallele oder unterschiedliche Verläufe?},
	volume = {64},
	issn = {1437-1588},
	url = {https://doi.org/10.1007/s00103-021-03328-7},
	doi = {10.1007/s00103-021-03328-7},
	shorttitle = {Altersspezifische Trends des risikoreichen Alkoholkonsums in Deutschland},
	abstract = {Nach der Collectivity-of-Drinking-Cultures-Theorie von Skog finden Veränderungen des Alkoholkonsums in allen Bevölkerungsgruppen und -schichten als parallele Verschiebungen statt. Ziele des vorliegenden Beitrags sind (1) die Darstellung zeitlicher Trends des riskanten Konsums und des episodischen Rauschtrinkens nach Altersgruppen und Geschlecht und (2) die Prüfung, ob die Trends in allen Altersgruppen parallel verlaufen („Kollektivität“) oder zwischen Altersgruppen divergieren („Polarisierung“).},
	pages = {652--659},
	number = {6},
	journaltitle = {Bundesgesundheitsblatt - Gesundheitsforschung - Gesundheitsschutz},
	shortjournal = {Bundesgesundheitsbl},
	author = {Kraus, Ludwig and Loy, Johanna K. and Wilms, Nicolas and Starker, Anne},
	urldate = {2024-02-13},
	date = {2021-06-01},
	langid = {german},
	keywords = {Collectivity, Episodic heavy drinking, Kollektivität, Polarisation, Polarisierung, Rauschtrinken, Riskanter Alkoholkonsum, Risky drinking, Trends},
	file = {Full Text PDF:/home/bergschaf/Zotero/storage/SBLCHAAY/Kraus et al. - 2021 - Altersspezifische Trends des risikoreichen Alkohol.pdf:application/pdf},
}

@article{kraus_einfluss_2001,
	title = {Der Einfluss regionaler Unterschiede im Trinkstil auf riskanten Konsum, exzessives Trinken, Missbrauch und Abhängigkeit},
	volume = {63},
	url = {https://www.researchgate.net/publication/248873004_Der_Einfluss_regionaler_Unterschiede_im_Trinkstil_auf_riskanten_Konsum_exzessives_Trinken_Missbrauch_und_Abhangigkeit},
	doi = {10.1055/s-2001-18810},
	abstract = {Hintergrund: Bisherige Studien weisen auf ein „Nord-Süd-Gefälle” in der Prävalenz riskanten Alkoholkonsums in Deutschland hin. Allerdings sind diese Ergebnisse teilweise mit methodischen Einschränkungen behaftet. Die aktuelle Studie erlaubt eine zuverlässigere Schätzung riskanten Alkoholkonsums. Zudem werden regional unterschiedliche Trinkstile ermittelt und ihr Zusammenhang mit unterschiedlichen Indikatoren problematischen Alkoholkonsums untersucht.
Methodik: Verwendet wurden repräsentative Daten für die 18- bis 59-jährige Allgemeinbevölkerung in Deutschland aus den Jahren 1995 und 1997. Basierend auf 15 017 vollständigen Datensätzen wurden Prävalenzraten für Abstinenz, für riskanten Konsum ({\textgreater}30 g Reinalkohol pro Tag bei Männern und {\textgreater}20 g bei Frauen), für die {CAGE}-Symptome missbräuchlichen Konsums und für exzessiven Konsum (Häufigkeit von mehr als fünf alkoholischen Getränken pro Gelegenheit) sowie Durchschnittswerte berechnet und eine Clusteranalyse über Bundesländer durchgeführt.
Ergebnisse: Es zeigten sich regionale Unterschiede in der Verbreitung des riskanten Alkoholkonsums sowie der Abstinenz, ohne dass ein klares „Nord-Süd-Gefälle” festgestellt werden konnte. Die Clusteranalyse weist jedoch auf einen Nord-Süd-Unterschied im Trinkstil hinsichtlich Häufigkeit und Menge des Konsums von Bier, Wein und Spirituosen hin. Im Süden zeigte sich im Vergleich zum Norden ein Trinkmuster von mehr Bier-, weniger Wein- und weniger Spirituosenkonsum pro Trinktag bei seltenerem Konsum von Bier und Spirituosen. Während sich keine Unterschiede zwischen den Clustern hinsichtlich der Anteile riskanten Alkoholkonsums, der {CAGE}-Symptome sowie dem Anteil exzessiven Alkoholkonsums ergaben, unterschieden sie sich bezüglich der durchschnittlich konsumierten Menge Reinalkohols. Die Menge der täglichen Alkoholaufnahme war in den nördlichen Ländern höher.
Schlussfolgerung: Im Gegensatz zu anderen deutschen Studien konnten in der vorliegenden Untersuchung bei beobachtbaren regionalen Unterschieden keine Hinweise auf ein Nord-Süd- Gefälle in der Prävalenz unterschiedlicher Indikatoren problematischen Konsums festgestellt werden. Die unterschiedlichen Trinkstile beider Cluster (nördliche vs. südliche Bundesländer) scheinen weder Unterschiede in der Häufigkeit exzessiver Trinkanlässe noch der Häufigkeit von Missbrauch und Abhängigkeit zur Folge zu haben. Der nördliche Stil führt lediglich zu einem erhöhten durchschnittlichen Konsum an Reinalkohol. Methodische Unterschiede der Studien werden diskutiert.},
	pages = {775--782},
	journaltitle = {Gesundheitswesen},
	shortjournal = {Gesundheitswesen},
	author = {Kraus, Ludwig and Augustin, R and Bloomfield, Kim and Reese, A},
	urldate = {2024-05-12},
	date = {2001-12-01},
	file = {Full Text PDF:/home/bergschaf/Zotero/storage/EZTCU2ZN/Kraus et al. - 2001 - Der Einfluss regionaler Unterschiede im Trinkstil .pdf:application/pdf},
}

@article{drosser_computer_2024,
	location = {Hamburg},
	title = {Computer in der Mathematik: Eine neue Mathematik},
	issn = {0044-2070},
	url = {https://www.zeit.de/2024/09/computer-mathematik-beweise-ueberpruefung-vertrauen?freebie=bb0b9b7f},
	shorttitle = {Computer in der Mathematik},
	abstract = {Bislang galt: Computer können rechnen, mathematische Beweise bleiben Kopfarbeit. Doch ein neues Verfahren könnte die Lösung großer Probleme revolutionieren.},
	journaltitle = {Die Zeit},
	author = {Drösser, Christoph},
	urldate = {2024-02-25},
	date = {2024-02-25},
	langid = {german},
	keywords = {{ChatGPT}, Computer, künstliche Intelligenz, Mathematik, Technologie},
	file = {Snapshot:/home/bergschaf/Zotero/storage/2GRQWKG4/komplettansicht.html:text/html},
}

@article{meyer_regionale_1998,
	title = {Regionale Unterschiede in der Prävalenz riskanten Alkoholkonsums: Sekundäranalyse des Gesundheitssurveys Ost-West},
	volume = {60},
	issn = {0941-3790},
	url = {https://research.uni-luebeck.de/de/publications/regionale-unterschiede-in-der-pr%C3%A4valenz-riskanten-alkoholkonsums-},
	shorttitle = {Regionale Unterschiede in der Prävalenz riskanten Alkoholkonsums},
	pages = {486--492},
	number = {8},
	journaltitle = {Gesundheitswesen},
	author = {Meyer, C. and Rumpf, H. J. and Hapke, U. and John, U.},
	urldate = {2024-03-05},
	date = {1998-08},
	pmid = {9816766},
	file = {Snapshot:/home/bergschaf/Zotero/storage/NYGFCS3G/regionale-unterschiede-in-der-prävalenz-riskanten-alkoholkonsums-.html:text/html},
}

@online{noauthor_statistisches_2024,
	title = {Statistisches Bundesamt Deutschland - {GENESIS}-Online},
	rights = {https://www-genesis.destatis.de:443/genesis//online?Menu=Impressum},
	url = {https://www-genesis.destatis.de/genesis//online?operation=table&code=12411-0011&bypass=true&levelindex=0&levelid=1711822317197#abreadcrumb},
	abstract = {Genesis Tabelle Einwohner},
	type = {Text},
	urldate = {2024-04-01},
	date = {2024-04-01},
	langid = {german},
	file = {Snapshot:/home/bergschaf/Zotero/storage/SJTPHB9X/online.html:text/html},
}

@online{noauthor_icd-10-code_nodate,
	title = {{ICD}-10-Code: F10.0 Psychische und Verhaltensstörungen durch Alkohol Akute Intoxikation [akuter Rausch]},
	url = {https://gesund.bund.de/icd-code-suche/f10-0},
	shorttitle = {{ICD}-10-Code},
	abstract = {Hier finden Sie Erläuterungen zum {ICD}-Diagnoseschlüssel „F10.0 Psychische und Verhaltensstörungen durch Alkohol Akute Intoxikation [akuter Rausch]“ und dessen Unterkategorien.},
	urldate = {2024-04-01},
	langid = {german},
	file = {Snapshot:/home/bergschaf/Zotero/storage/2RMQFXHW/f10-0.html:text/html},
}

@online{noauthor_saarland_nodate,
	title = {Saarland: Zahl der wegen Alkoholmissbrauchs akut im Krankenhaus behandelten Jugendlichen weiter gestiegen},
	url = {https://jugendhilfeportal.de/artikel/saarland-zahl-der-wegen-alkoholmissbrauchs-akut-im-krankenhaus-behandelten-jugendlichen-weiter-gestiegen},
	shorttitle = {Saarland},
	abstract = {Die Zahl der jungen Saarländerinnen und Saarländer, die wegen Alkoholproblemen stationär behandelt werden mussten, erreichte einen neuen Höchststand. 455 junge Menschen im Alter zwischen 10 und 20 Jahren landeten 2011 mit einer akuten Alkoholvergiftung im Krankenhaus.},
	urldate = {2024-04-01},
	langid = {german},
}

@online{noauthor_matplotlib_nodate,
	title = {Matplotlib — Visualization with Python},
	url = {https://matplotlib.org/},
	urldate = {2024-04-01},
}

@online{noauthor_genesis_nodate,
	title = {Genesis Tabelle Wohnorte},
	url = {https://www-genesis.destatis.de/genesis//online?operation=table&code=12411-0011&bypass=true&levelindex=0&levelid=1711822317197#abreadcrumb},
	urldate = {2024-04-01},
}

@online{noauthor_genesis_nodate-1,
	title = {Genesis Tabelle Bundesländer},
	url = {https://www-genesis.destatis.de/genesis//online?operation=table&code=23131-0011&bypass=true&levelindex=0&levelid=1707846572401#abreadcrumb},
	urldate = {2024-04-01},
}

@online{noauthor_statistisches_nodate,
	title = {Statistisches Bundesamt Deutschland - {GENESIS}-Online: Die Datenbank{\textless}br/{\textgreater}des Statistischen Bundesamtes},
	url = {https://www-genesis.destatis.de/genesis/online},
	urldate = {2024-04-01},
}

@article{noauthor_alcohol_nodate,
	title = {Alcohol Consumption Estimates in Europe},
	file = {_.pdf:/home/bergschaf/Zotero/storage/WHFUB3PA/_.pdf:application/pdf},
}

@article{skala_jugend_2020,
	title = {Jugend und Alkohol},
	volume = {34},
	issn = {0948-6259},
	url = {https://www.ncbi.nlm.nih.gov/pmc/articles/PMC7732799/},
	doi = {10.1007/s40211-020-00365-7},
	abstract = {Im vorliegenden Artikel wird auf die Rolle von Alkohol in unserer Gesellschaft sowie auf dessen Bedeutung für Jugendliche eingegangen. Spezifika der Wechselwirkung von Alkohol und dem adoleszenten Gehirn werden erläutert und die epidemiologische Entwicklung des Alkoholkonsums bei österreichischen Minderjährigen beschrieben. Es werden darüber hinaus {relevanteRisiken} für problematische Konsummuster und mögliche Wege zur Prävention erörtert.},
	pages = {164--170},
	number = {4},
	journaltitle = {Neuropsychiatrie},
	shortjournal = {Neuropsychiatr},
	author = {Skala, Katrin},
	urldate = {2024-04-17},
	date = {2020},
	pmid = {33118128},
	pmcid = {PMC7732799},
	file = {PubMed Central Full Text PDF:/home/bergschaf/Zotero/storage/BWHCBNBJ/Skala - 2020 - Jugend und Alkohol.pdf:application/pdf},
}

@article{conrod_effectiveness_2013,
	title = {Effectiveness of a selective, personality-targeted prevention program for adolescent alcohol use and misuse: a cluster randomized controlled trial},
	volume = {70},
	issn = {2168-6238},
	doi = {10.1001/jamapsychiatry.2013.651},
	shorttitle = {Effectiveness of a selective, personality-targeted prevention program for adolescent alcohol use and misuse},
	abstract = {{CONTEXT}: Selective school-based alcohol prevention programs targeting youth with personality risk factors for addiction and mental health problems have been found to reduce substance use and misuse in those with elevated personality profiles.
{OBJECTIVES}: To report 24-month outcomes of the Teacher-Delivered Personality-Targeted Interventions for Substance Misuse Trial (Adventure trial) in which school staff were trained to provide interventions to students with 1 of 4 high-risk ({HR}) profiles: anxiety sensitivity, hopelessness, impulsivity, and sensation seeking and to examine the indirect herd effects of this program on the broader low-risk ({LR}) population of students who were not selected for intervention.
{DESIGN}: Cluster randomized controlled trial.
{SETTING}: Secondary schools in London, United Kingdom.
{PARTICIPANTS}: A total of 1210 {HR} and 1433 {LR} students in the ninth grade (mean [{SD}] age, 13.7 [0.33] years).
{INTERVENTION}: Schools were randomized to provide brief personality-targeted interventions to {HR} youth or treatment as usual (statutory drug education in class).
{MAIN} {OUTCOME} {MEASURES}: Participants were assessed for drinking, binge drinking, and problem drinking before randomization and at 6-monthly intervals for 2 years.
{RESULTS}: Two-part latent growth models indicated long-term effects of the intervention on drinking rates (β = -0.320, {SE} = 0.145, P = .03) and binge drinking rates (β = -0.400, {SE} = 0.179, P = .03) and growth in binge drinking (β = -0.716, {SE} = 0.274, P = .009) and problem drinking (β = -0.452, {SE} = 0.193, P = .02) for {HR} youth. The {HR} youth were also found to benefit from the interventions during the 24-month follow-up on drinking quantity (β = -0.098, {SE} = 0.047, P = .04), growth in drinking quantity (β = -0.176, {SE} = 0.073, P = .02), and growth in binge drinking frequency (β = -0.183, {SE} = 0.092, P = .047). Some herd effects in {LR} youth were observed, specifically on drinking rates (β = -0.259, {SE} = 0.132, P = .049) and growth of binge drinking (β = -0.244, {SE} = 0.073, P = .001), during the 24-month follow-up.
{CONCLUSIONS}: Findings further support the personality-targeted approach to alcohol prevention and its effectiveness when provided by trained school staff. Particularly novel are the findings of some mild herd effects that result from this selective prevention program.
{TRIAL} {REGISTRATION}: clinicaltrials.gov Identifier: {NCT}00776685.},
	pages = {334--342},
	number = {3},
	journaltitle = {{JAMA} psychiatry},
	shortjournal = {{JAMA} Psychiatry},
	author = {Conrod, Patricia J. and O'Leary-Barrett, Maeve and Newton, Nicola and Topper, Lauren and Castellanos-Ryan, Natalie and Mackie, Clare and Girard, Alain},
	date = {2013-03},
	pmid = {23344135},
	keywords = {Adolescent, Adolescent Behavior, Alcohol Drinking, Alcohol-Related Disorders, Alcoholism, Anxiety, Binge Drinking, Female, Health Education, Humans, Impulsive Behavior, London, Male, Personality, School Health Services, Treatment Outcome},
	file = {Conrod et al. - 2013 - Effectiveness of a selective, personality-targeted.pdf:/home/bergschaf/Zotero/storage/FVZL5IXM/Conrod et al. - 2013 - Effectiveness of a selective, personality-targeted.pdf:application/pdf},
}

@article{kuhn_empfehlungen_nodate,
	title = {Empfehlungen für Eltern im Umgang mit dem Alkoholkonsum ihrer Kinder: wissenschaftlicher Kenntnisstand},
	url = {https://www.bundesgesundheitsministerium.de/service/publikationen/details/empfehlungen-fuer-eltern-im-umgang-mit-dem-alkoholkonsum-ihrer-kinder-wissenschaftlicher-kenntnisstand},
	author = {Kuhn, Silke and Trenkler, Friedrun and Kalke, Jens},
	urldate = {2024-05-12},
	langid = {german},
	file = {Kuhn et al. - Empfehlungen für Eltern im Umgang mit dem Alkoholk.pdf:/home/bergschaf/Zotero/storage/NFUXCI3K/Kuhn et al. - Empfehlungen für Eltern im Umgang mit dem Alkoholk.pdf:application/pdf},
}

@online{tagesschaude_weniger_nodate,
	title = {Weniger Alkoholmissbrauch unter Jugendlichen},
	url = {https://www.tagesschau.de/inland/alkoholkonsum-corona-jugendliche-101.html},
	abstract = {Weniger Jugendliche mussten 2021 wegen übermäßigen Alkoholkonsums im Krankenhaus behandelt werden. Im Vergleich zum Vor-Corona-Niveau ist die Zahl um 42 Prozent gesunken. Das Risiko einer Alkoholvergiftung ist bei Jugendlichen besonders groß.},
	titleaddon = {tagesschau.de},
	author = {tagesschau.de},
	urldate = {2024-05-03},
	langid = {german},
	file = {Snapshot:/home/bergschaf/Zotero/storage/C2WFTL9K/alkoholkonsum-corona-jugendliche-101.html:text/html},
}

@online{noauthor_alkohol_nodate,
	title = {Alkohol Werbung},
	url = {https://www.blaues-kreuz-muenchen.de/sites/default/files/download/100318_factsheet_alkohol_u_werbung_din.pdf},
	urldate = {2024-05-05},
	file = {100318_factsheet_alkohol_u_werbung_din.pdf:/home/bergschaf/Zotero/storage/DMSYBJKD/100318_factsheet_alkohol_u_werbung_din.pdf:application/pdf},
}

@online{noauthor_global_nodate,
	title = {Global Information System on Alcohol and Health},
	url = {https://www.who.int/data/gho/data/themes/global-information-system-on-alcohol-and-health},
	abstract = {{\textless}p{\textgreater}The Global Information System on Alcohol and Health ({GISAH}) is an essential tool for assessing and monitoring the health situation and trends related to alcohol consumption, alcohol-related harm, and policy responses in countries. The harmful use of alcohol results in the death of 3 million people annually. There are 230 different types of diseases where alcohol has a significant role. It also causes harm to the well-being and health of people around the drinker. In 2018, the worldwide total consumption was equal to 6.2 litres of pure alcohol per person 15 years and older. Unrecorded consumption accounts for 26\% of the worldwide total consumption.{\textless}/p{\textgreater}},
	urldate = {2024-05-07},
	langid = {english},
	file = {Snapshot:/home/bergschaf/Zotero/storage/P3CLFQQY/global-information-system-on-alcohol-and-health.html:text/html},
}

@online{noauthor_alcohol_nodate-1,
	title = {Alcohol, total per capita (15+) consumption (in litres of pure alcohol) ({SDG} Indicator 3.5.2)},
	url = {https://www.who.int/data/gho/data/indicators/indicator-details/GHO/total-(recorded-unrecorded)-alcohol-per-capita-(15-)-consumption},
	abstract = {The {GHO} data repository is {WHO}'s gateway to health-related statistics for its 194 Member States. It provides access to over 1000 health topics indicators},
	urldate = {2024-05-07},
	langid = {english},
	file = {Snapshot:/home/bergschaf/Zotero/storage/NDBFKZTN/total-(recorded-unrecorded)-alcohol-per-capita-(15-)-consumption.html:text/html},
}

@online{noauthor_alkoholkonsum_nodate,
	title = {Alkoholkonsum in Deutschland: Zahlen \& Fakten},
	url = {https://www.bundesgesundheitsministerium.de/service/begriffe-von-a-z/a/alkohol},
	shorttitle = {Alkoholkonsum in Deutschland},
	abstract = {Wie viele Menschen in Deutschland gelten als alkoholabhängig? Zahlen und Fakten zum Thema Alkohol und seine Gefahren.},
	urldate = {2024-05-07},
	langid = {german},
	file = {Snapshot:/home/bergschaf/Zotero/storage/6SEKF58A/alkohol.html:text/html},
}

@online{noauthor_alcohol-attributable_nodate,
	title = {Alcohol-attributable Years of Life Lost ({YLL}) score},
	url = {https://www.who.int/data/gho/data/indicators/indicator-details/GHO/alcohol-attributable-years-of-life-lost-(yll)-score},
	abstract = {The {GHO} data repository is {WHO}'s gateway to health-related statistics for its 194 Member States. It provides access to over 1000 health topics indicators},
	urldate = {2024-05-07},
	langid = {english},
	file = {Snapshot:/home/bergschaf/Zotero/storage/PQVHPF3J/alcohol-attributable-years-of-life-lost-(yll)-score.html:text/html},
}

@article{martinez_reflection_2019,
	title = {Reflection on modern methods: years of life lost due to premature mortality—a versatile and comprehensive measure for monitoring non-communicable disease mortality},
	volume = {48},
	issn = {0300-5771},
	url = {https://doi.org/10.1093/ije/dyy254},
	doi = {10.1093/ije/dyy254},
	shorttitle = {Reflection on modern methods},
	abstract = {The analysis of causes impacting on premature mortality is an essential function of public health surveillance. Diverse methods have been used for accurately assessing and reporting the level and trends of premature mortality; however, many have important limitations, particularly in capturing actual early deaths. We argue that the framework of years of life lost ({YLL}), as conceptualized in disability-adjusted life-years ({DALYs}), is a robust and comprehensive measure of premature mortality. Global Burden of Disease study is systematically providing estimates of {YLL}; however, it is not widely adopted at country level, among other reasons because its conceptual and methodological bases seem to be not sufficiently known and understood. In this paper, we provide the concepts and the methodology of the {YLL} framework, including the selection of the loss of function that defines the time lost due to premature deaths, and detailed methods for calculating {YLL} metrics. We also illustrate how to use {YLL} to quantify the level and trends of premature non-communicable disease ({NCD}) mortality in the Americas. The tutorial style of the illustrative example is intended to educate the public health community and stimulate the use of {YLL} in disease prevention and control programmes at different levels.},
	pages = {1367--1376},
	number = {4},
	journaltitle = {International Journal of Epidemiology},
	shortjournal = {International Journal of Epidemiology},
	author = {Martinez, Ramon and Soliz, Patricia and Caixeta, Roberta and Ordunez, Pedro},
	urldate = {2024-05-07},
	date = {2019-08-01},
	file = {Full Text PDF:/home/bergschaf/Zotero/storage/NNJFN7CJ/Martinez et al. - 2019 - Reflection on modern methods years of life lost d.pdf:application/pdf;Snapshot:/home/bergschaf/Zotero/storage/JFU53864/5281229.html:text/html},
}

@article{reis_ergebnisse_2009,
	title = {Ergebnisse eines Projektes zur kombinierten Prävention jugendlichen Rauschtrinkens},
	volume = {55},
	issn = {0939-5911},
	url = {https://econtent.hogrefe.com/doi/abs/10.1024/2009.06.04},
	doi = {10.1024/2009.06.04},
	abstract = {Ziel: Die Studie beschreibt Hintergründe akuter Alkoholintoxikationen unter Jugendlichen und evaluiert die gemeindezentrierte Kombination indizierter und selektiver Präventionsmaßnahmen. {\textless}/p{\textgreater}{\textless}p{\textgreater} Methodik: Eine Inanspruchnahmepopulation intoxizierter Jugendlicher (n = 188) wird in wesentlichen Merkmalen beschrieben. Die Analyse der Interventionseffekte vergleicht Trenddaten der Jahre 20012006 zu Jahresprävalenzen akuter Intoxikationen (n = 1.805 Fälle) für die Projektregion (n = 26.490 Personen, Alter 10–18 Jahre) und die Vergleichsregion (n = 84.331). {\textless}/p{\textgreater}{\textless}p{\textgreater} Ergebnisse: Risiken für akute Intoxikationen betreffen Herkunft aus Ein-Elter-Familien, Integration in eine Alkohol konsumierende Freundesgruppe, wahllosen Alkoholkonsum und die Belastung mit psychiatrischen Symptomen. Für die Zeit des Projektes wurden unterschiedliche Trends für die Interventions- und Vergleichsregion ermittelt. Während in der Interventionsregion die Jahresprävalenz der Intoxikationen um 20 \% sank, stieg sie in der Vergleichsregion um 33 \%. {\textless}/p{\textgreater}{\textless}p{\textgreater} Schlussfolgerung: Akut intoxizierte Jugendliche entstammen überzufällig häufig Risikopopulationen. Gemeindezentrierte Präventionsmaßnahmen sind mit dem Rückgang von Jahresprävalenzen akuter Intoxikationen unter Jugendlichen assoziiert.},
	pages = {347--356},
	number = {6},
	journaltitle = {{SUCHT}},
	author = {Reis, Olaf and Pape, Manuela and Häßler, Frank},
	urldate = {2024-05-07},
	date = {2009-12},
	note = {Publisher: Hogrefe {AG}},
	keywords = {adolescents, Alcohol intoxication, alcohol misuse, Alkoholintoxikation, Alkoholmissbrauch, Jugendliche, substance-abuse prevention, Suchtprävention},
}

@book{korczak_pravention_2011,
	title = {Prävention des Alkoholmissbrauchs von Kindern, Jugendlichen und jungen Erwachsenen Prevention of alcohol misuse among children, youths and young adults},
	url = {http://portal.dimdi.de/de/hta/hta_berichte/hta309_bericht_de.pdf},
	abstract = {Hintergrund 
  
  Trotz verschiedenster Maßnahmen zur Prävention des riskanten Alkoholkonsums von Jugendlichen und jungen Erwachsenen ist ein Anstieg der Alkoholvergiftungen von Zehn- bis unter 20-Jährigen zu beobachten.
  
  
  Fragestellungen
  
  Es wird eine Übersicht der aktuellen Literatur sowie des deutschen föderalen Präventionssystems zu verhältnis- und verhaltenspräventiven Maßnahmen hinsichtlich riskanter Alkoholkonsummuster bei Kindern, Jugendlichen und jungen Erwachsenen, Identifikation effektiver Komponenten sowie die Beurteilung aktueller Präventionsprogramme hinsichtlich ihrer Wirksamkeit und Wirtschaftlichkeit erstellt.
  
  
  Methodik
  
  Es erfolgt eine systematische Literaturrecherche in 34 Datenbanken mit vier Schlagwortblöcken (Alkohol; Prävention; Behandlung; Kinder, Jugendliche, junge Erwachsene).
  
  
  Ergebnisse
  
  Es werden 401 Studien gefunden und 59 für den {HTA}-Bericht ({HTA} = Health Technology Assessment) ausgewählt. Die Mehrzahl der Studien stammt aus den {USA}, neun Studien sind aus Deutschland. Wirksam sind ein Familieninterventionsprogramm, personalisierte computergestützte Interventionen an Schulen, Colleges und Universitäten, kurze motivierende Interventionen und Elemente der Verhältnisprävention, z. B. die Erhöhung von Alkoholpreisen und Steuern.
  
  
  Diskussion
  
  Unter den 59 Studien sind drei Metaanalysen, 15 Reviews und 17 randomisierte kontrollierte Studien ({RCT}) und 18 Kohortenstudien. Trotz dieser insgesamt hohen Qualität der Studienanlage, leiden zahlreiche Studien unter methodischen Mängeln (fehlende Randomisierungen, fehlende oder kurze Nachkontrollen, unklar definierte Messparameter). Die Übertragbarkeit {US}-amerikanischer Ergebnisse auf Deutschland ist problematisch. Nur wenige Maßnahmen erzielen dauerhafte Reduktionen der Alkoholkonsumhäufigkeit oder -menge.
  
  
  Schlussfolgerung
  
  Der {HTA}-Bericht zeigt die Notwendigkeit der Entwicklung von spezifischen und zielgruppenorientierten Präventionsmaßnahmen für den deutschen Kontext. Dazu gehören die verbindliche Definition von Zielgrößen (Reduktion des Konsums, Änderung des Verhaltens) sowie eine verbindliche Definition und empirische Bestimmung riskanten Alkoholkonsums. Vor der Einführung von Präventionsmaßnahmen sollte deren Wirksamkeit eindeutig belegt sein. Gegenwärtig sind Präventionsmaßnahmen zur Reduktion oder Verhinderung von riskantem Alkoholkonsum in Deutschland nicht ausreichend auf ihre nachhaltige Wirksamkeit hin evaluiert.},
	publisher = {[object Object]},
	author = {Korczak, Dieter and Steinhauser, Gerlinde and Dietl, Markus},
	urldate = {2024-05-07},
	date = {2011},
	langid = {german},
	doi = {10.3205/HTA000095L},
	note = {Medium: application/pdf
Publication Title: Schriftenreihe Health Technology Assessment ({HTA}) in der Bundesrepublik Deutschland; 112; {ISSN} 1864-9645},
	keywords = {Alkoholkonsum, Alkoholabhängigkeit, Technologie, Alkoholintoxikation, Alkoholmissbrauch, Jugendliche, 610 Medical sciences; Medicine, Adoleszent, Aggressionspotential, Aggressionspotenzial, Aggressivität, Alkoholabstinenz, Alkoholabusus, alkoholbedingte Störungen, Alkoholbesteuerung, alkoholbezogene Probleme, Alkoholgenuss, alkoholinduzierte Störungen, Alkoholismus, Alkoholmißbrauch, Alkoholpolitik, Alkoholprävention, Alkoholpräventionsprogramme, Alkoholrausch, Alkoholsteuer, Alkoholsucht, Alkoholverbrauch, Alkoholvergiftung, Alkoholzufuhr, Behandlung, Beurteilung, Blutalkohol, {CCT}, cross-over, Cross-over-Studien, crossover, {CT}, Delirium, Diagnose, {EbM}, Effektivität, Effizienz, Eltern, Entscheidungsfindung, Ethik, Evaluationsstudien, evidenzbasierte Medizin, Familie, Forschungsartikel, gemeindenahe Prävention, Gemeinschaft, Genauigkeitsstudie, Gesetz, Gesundheit, Gesundheitsökonomie, gesundheitsökonomische Studien, Gesundheitspolitik, Gesundheitsproblem, gutachtenbasierte Medizin, Halbwüchsige, Health Technology Assessment, Heranwachsende, {HTA}, {HTA} Bericht, {HTA}-Bericht, indikative Prävention, Intervention, Interventionsprogramme, Jugend, Jugendalkoholismus, Jugendkriminalität, Jugendschutzgesetz, junger Erwachsener, juristische Aspekte, Kind, klinische Studien, Koma-Saufen, Koma-Trinken, Komasaufen, Komatrinken, Konsum, kontrollierte klinische Studien, kontrollierte klinische Versuche, Kosten, Kosten und Kostenanalyse, Kosten-Effektivität, Kosten-Nutzen-Analyse, Kostenanalyse, Kosteneffektivität, Kostenkontrolle, Kostenminimierung, Kostenreduktion, Kostensenkung, Krankheitskosten, Kurzintervention, Medien, medizinische Beurteilung, medizinische Bewertung, medizinische Technologie, Mensch, Meta-Analyse, Metaanalyse, Methoden, Methodik, Minderjährige, Modelle, ökonomische, Motivationsintervention, Motivierungsprogramm, Multicenter, Multikomponentenprogramm, multizentrische Studien, Nutzen, Ökonomie, Ökonomie, ärztliche, ökonomische Bewertung, Peer Review, Pflege, Pharmaökonomie, Placebo, Placeboeffekt, Plazebo, Plazeboeffekt, Plazebos, Prävention, Präventionsprogramme, primäre Prävention, problematischer Alkoholkonsum, Programmbewertung, Programmevaluierung, Prophylaxe, prospektive Studien, psychische Störung, Psychotherapie, randomisierte klinische Studie, randomisierte kontrollierte Studie, randomisierte kontrollierte Studien, randomisierte Studie, randomisierte Zuordnung, randomisierter Versuch, Randomisierung, Rausch, {RCT}, Recht, Rechte, Rehabilitation, Risikoabschätzung, Risikotrinker, riskanter Alkoholkonsum, Saufen, schulbasierte Prävention, Schulen, Schulkultur, Schutz, sektorübergreifende Prävention, Sensitivität, Sondersteuer, soziale Aspekte, Sozialmedizin, sozialökonomische Faktoren, sozio-ökonomische Faktoren, Sozioökonomie, sozioökonomische Faktoren, Spezifität, Steuererhöhung, Studenten, systematische Übersicht, Technikfolgenabschätzung, biomedizinische, Technologie, medizinische, Technologiebeurteilung, Technologiebewertung, Teenager, Therapie, Trinkverhalten, Trunksucht, Übersichtsarbeit, Übersichtsliteratur, universelle Prävention, Universität, Validierungsstudien, verblindet, verhaltenbezogene Maßnahmen, Verhaltensprävention, Verhaltenstherapie, Verhältnisprävention, Vorbeugung, Vorsorge, Werbung, Wirksamkeit, Zufall},
	file = {Korczak et al. - 2011 - Prävention des Alkoholmissbrauchs von Kindern, Jug.pdf:/home/bergschaf/Zotero/storage/HX75ZR4U/Korczak et al. - 2011 - Prävention des Alkoholmissbrauchs von Kindern, Jug.pdf:application/pdf},
}

@article{hagen_verkaufseinschrankungen_2011,
	title = {Verkaufseinschränkungen für Alkohol als wirksame Prävention},
	url = {https://www.e-periodica.ch/digbib/view?pid=sum-003:2011:37::309},
	doi = {10.5169/SEALS-800266},
	author = {Hagen, Ruth},
	urldate = {2024-05-10},
	date = {2011},
	langid = {german},
	note = {Medium: text/html,application/pdf,text/html
Publisher: [object Object]},
	file = {Hagen - 2011 - Verkaufseinschränkungen für Alkohol als wirksame P.pdf:/home/bergschaf/Zotero/storage/8NLKAYQN/Hagen - 2011 - Verkaufseinschränkungen für Alkohol als wirksame P.pdf:application/pdf},
}

@online{effern_munchen_2023,
	title = {München: Grüner Bürgermeister nennt Oktoberfest „offene Drogenszene“ - harsche Kritik},
	url = {https://www.sueddeutsche.de/muenchen/oktoberfest-muenchen-dominik-krause-drogenszene-kritik-wiesn-wirte-1.6299048},
	shorttitle = {München},
	abstract = {Münchens Zweiter Bürgermeister Dominik Krause hat die Wiesn als „weltweit größte offene Drogenszene“ bezeichnet. Die Wirte reagieren scharf.},
	titleaddon = {Süddeutsche.de},
	author = {Effern, Heiner},
	urldate = {2024-05-10},
	date = {2023-11-06},
	langid = {german},
}

@article{woicik_substance_2009,
	title = {The Substance Use Risk Profile Scale: a scale measuring traits linked to reinforcement-specific substance use profiles},
	volume = {34},
	issn = {1873-6327},
	doi = {10.1016/j.addbeh.2009.07.001},
	shorttitle = {The Substance Use Risk Profile Scale},
	abstract = {The Substance Use Risk Profile Scale ({SURPS}) is based on a model of personality risk for substance abuse in which four personality dimensions (hopelessness, anxiety sensitivity, impulsivity, and sensation seeking) are hypothesized to differentially relate to specific patterns of substance use. The current series of studies is a preliminary exploration of the psychometric properties of the {SURPS} in two populations (undergraduate and high school students). In study 1, an analysis of the internal structure of two versions of the {SURPS} shows that the abbreviated version best reflects the 4-factor structure. Concurrent, discriminant, and incremental validity of the {SURPS} is supported by convergent/divergent relationships between the {SURPS} subscales and other theoretically relevant personality and drug use criterion measures. In Study 2, the factorial structure of the {SURPS} is confirmed and evidence is provided for its test-retest reliability and validity with respect to measuring personality vulnerability to reinforcement-specific substance use patterns. In Study 3, the {SURPS} was administered in a more youthful population to test its sensitivity in identifying younger problematic drinkers. The results from the current series of studies demonstrate support for the reliability and construct validity of the {SURPS}, and suggest that four personality dimensions may be linked to substance-related behavior through different reinforcement processes. This brief assessment tool may have important implications for clinicians and future research.},
	pages = {1042--1055},
	number = {12},
	journaltitle = {Addictive Behaviors},
	shortjournal = {Addict Behav},
	author = {Woicik, Patricia A. and Stewart, Sherry H. and Pihl, Robert O. and Conrod, Patricia J.},
	date = {2009-12},
	pmid = {19683400},
	keywords = {Adolescent, Female, Humans, Male, Personality, Adult, Behavior, Addictive, Factor Analysis, Statistical, Psychometrics, Reinforcement, Psychology, Reproducibility of Results, Risk Assessment, Sensitivity and Specificity, Substance-Related Disorders, Young Adult},
	file = {Woicik et al. - 2009 - The Substance Use Risk Profile Scale a scale meas.pdf:/home/bergschaf/Zotero/storage/D43TZ3CP/Woicik et al. - 2009 - The Substance Use Risk Profile Scale a scale meas.pdf:application/pdf},
}

@online{noauthor_beim_nodate,
	title = {Beim Alkoholkonsum gibt es keine gesundheitlich unbedenkliche Menge},
	url = {https://www.who.int/europe/de/news/item/28-12-2022-no-level-of-alcohol-consumption-is-safe-for-our-health},
	abstract = {Die mit Alkoholkonsum verbundenen Risiken und Schäden wurden über die Jahre systematisch evaluiert und sind hinreichend dokumentiert.},
	urldate = {2024-05-11},
	langid = {german},
	file = {Snapshot:/home/bergschaf/Zotero/storage/KHJ67QTS/28-12-2022-no-level-of-alcohol-consumption-is-safe-for-our-health.html:text/html},
}

@book{burger_bundes-gesundheitssurvey_2003,
	location = {Berlin},
	title = {Bundes-Gesundheitssurvey: Alkohol ; Konsumverhalten in Deutschland},
	isbn = {978-3-89606-142-3},
	url = {https://edoc.rki.de/bitstream/handle/176904/3206/27ocvYbxUG4w_16.pdf?sequence=1},
	series = {Beiträge zur Gesundheitsberichterstattung des Bundes},
	shorttitle = {Bundes-Gesundheitssurvey},
	pagetotal = {15},
	publisher = {Robert-Koch-Institut},
	author = {Burger, Martina and Mensink, Gert},
	editora = {{Robert Koch-Institut}},
	editoratype = {collaborator},
	urldate = {2024-05-12},
	date = {2003},
	langid = {german},
	file = {Burger and Mensink - 2003 - Bundes-Gesundheitssurvey Alkohol \; Konsumverhalte.pdf:/home/bergschaf/Zotero/storage/UUZR9XBH/Burger and Mensink - 2003 - Bundes-Gesundheitssurvey Alkohol \; Konsumverhalte.pdf:application/pdf},
}

@article{butzer_alkohol_nodate,
	title = {"Alkohol" Ethanol},
	url = {https://www.swisseduc.ch/chemie/schwerpunkte/ethanol/docs/ethanol.pdf},
	abstract = {Ethanol ist eine ganz besondere Substanz. Es ist klein, weit verbreitet, leicht zu produzieren und altbekannt. Er kommt natürlich vor, ist jedoch nicht harmlos. Das Molekül enthält einen Teil von Wasser und einen Teil der wenig "wasserfreundlich" ist. Es ist leicht entzündbar und gut brennbar. Die Herstellung von Treibstoff aus den Nahrungsquellen ist ethisch höchst problematisch, aber oft wirtschaftlich lukrativ. In kleinen Dosen wirkt es euphorisierend, in grossen Dosen narkotisch. Es beeinflusst die Gefühle, aber gefühlsmässig kann man mit Alkohol nicht richtig umgehen, nur ganz rational. In kleinsten Konzentrationen ist es ungiftig, in grossen Konzentrationen desifiszierend. Für das Ungeborene ist Alkohol sehr gefährlich. Mit chemischen, physikalischen und physiologischen Eigenschaften werden Geschichte und mit Systemdynamik das Verhalten beschrieben. Ethanol is an extraordinary substance. It's small, often used, easy to produce and well known. It occurs naturally, but is not harmless. The molecule consists of a part of water and a hydrophobic group. It is easy to ignite and burns well. The production of fuel from sources of food is ethically highly problematic, but often economically lucrative. In small doses it acts euphoric, narcotic in large doses. It affects the feelings, but emotionally, we can not properly deal with alcohol, only with rational decisions. In very low concentrations it is toxic, disinfectant in high concentrations. For the unborn child alcohol is very dangerous. With chemical, physical and physiological characteristics the history is described and with system dynamics explanations for the behaviour are found.},
	author = {Bützer, Peter},
	urldate = {2024-05-12},
	file = {Bützer - Alkohol Ethanol.pdf:/home/bergschaf/Zotero/storage/HXWR664I/Bützer - Alkohol Ethanol.pdf:application/pdf},
}

@online{gohring_entzugserscheinungen_2022,
	title = {Entzugserscheinungen},
	url = {https://www.nescure.de/entzugserscheinungen/},
	abstract = {Welche Entzugserscheinungen können im Zusammenhang einer Alkoholabhängigkeit auf mich zu kommen? Jetzt informieren!},
	titleaddon = {{NESCURE}® Privatklinik am See},
	author = {Göhring, Manuel},
	urldate = {2024-05-11},
	date = {2022-08-19},
	langid = {german},
}

@article{seufferlein_alkoholkonsum_2022,
	title = {Alkoholkonsum steigert das Krebsrisiko},
	volume = {37},
	issn = {2190-9784},
	url = {https://doi.org/10.1007/s12312-022-01105-4},
	doi = {10.1007/s12312-022-01105-4},
	pages = {262--262},
	number = {4},
	journaltitle = {Forum},
	shortjournal = {Forum},
	author = {Seufferlein, Thomas},
	urldate = {2024-05-11},
	date = {2022-09-01},
	langid = {german},
	file = {Full Text PDF:/home/bergschaf/Zotero/storage/KBXCEJG2/Seufferlein - 2022 - Alkoholkonsum steigert das Krebsrisiko.pdf:application/pdf},
}

@article{noauthor_alkohol_2014,
	title = {Alkohol: Gedächtnis leidet schon im mittleren Alter},
	issn = {2195-1349},
	url = {https://www.spiegel.de/gesundheit/diagnose/alkohol-gedaechtnis-leidet-schon-im-mittleren-alter-a-943839.html},
	shorttitle = {Alkohol},
	abstract = {Jeden Tag ein Bier und dann noch eins: Die Grenze zwischen maßvollem und übermäßigem Alkoholkonsum ist schnell überschritten. Bei Männern, die viel trinken, verschlechtern sich schon im mittleren Alter Gedächtnis und logisches Denken, zeigt eine aktuelle Studie.},
	journaltitle = {Der Spiegel},
	urldate = {2024-05-12},
	date = {2014-01-16},
	langid = {german},
	keywords = {Sucht, Alkoholismus, Gesundheit, Demenz, Diagnose \& Therapie, Drogen, Hirnforschung},
	file = {Snapshot:/home/bergschaf/Zotero/storage/5JK4XU4W/alkohol-gedaechtnis-leidet-schon-im-mittleren-alter-a-943839.html:text/html},
}

@online{noauthor_topthema_nodate,
	title = {Topthema: Wie Alkohol das Gehirn junger Menschen schädigt - drugcom},
	url = {https://www.drugcom.de/newsuebersicht/topthemen/wie-alkohol-das-gehirn-junger-menschen-schaedigt/},
	urldate = {2024-05-12},
}
